@article{shapley1953stochastic,
  title={Stochastic games},
  author={Shapley, Lloyd S},
  journal={Proceedings of the National Academy of Sciences of the United States of America},
  volume={39},
  number={10},
  pages={1095},
  year={1953},
  publisher={National Academy of Sciences}
}

@book{henke1996schools,
  title={Schools and Staffing in the United States: A Statistical Profile, 1993-94.},
  author={Henke, Robin R and others},
  year={1996},
  publisher={ERIC}
}

@article{sadler2006impact,
  title={The impact of self-and peer-grading on student learning},
  author={Sadler, Philip M and Good, Eddie},
  journal={Educational assessment},
  volume={11},
  number={1},
  pages={1--31},
  year={2006},
  publisher={Taylor \& Francis}
}

@inproceedings{huang2013syntactic,
  title={Syntactic and functional variability of a million code submissions in a machine learning mooc},
  author={Huang, Jonathan and Piech, Chris and Nguyen, Andy and Guibas, Leonidas},
  booktitle={AIED 2013 Workshops Proceedings Volume},
  pages={25},
  year={2013},
  organization={Citeseer}
}

@inproceedings{ahmadzadeh2005analysis,
  title={An analysis of patterns of debugging among novice computer science students},
  author={Ahmadzadeh, Marzieh and Elliman, Dave and Higgins, Colin},
  booktitle={ACM SIGCSE Bulletin},
  volume={37},
  number={3},
  pages={84--88},
  year={2005},
  organization={ACM}
}

@article{fitzgerald2008debugging,
  title={Debugging: finding, fixing and flailing, a multi-institutional study of novice debuggers},
  author={Fitzgerald, Sue and Lewandowski, Gary and McCauley, Renee and Murphy, Laurie and Simon, Beth and Thomas, Lynda and Zander, Carol},
  journal={Computer Science Education},
  volume={18},
  number={2},
  pages={93--116},
  year={2008},
  publisher={Taylor \& Francis}
}

@article{kulkarni2013peer,
  title={Peer and self assessment in massive online classes},
  author={Kulkarni, Chinmay and Wei, Koh Pang and Le, Huy and Chia, Daniel and Papadopoulos, Kathryn and Cheng, Justin and Koller, Daphne and Klemmer, Scott R},
  journal={ACM Transactions on Computer-Human Interaction (TOCHI)},
  volume={20},
  number={6},
  pages={33},
  year={2013},
  publisher={ACM}
}

@article{ethics,
  title = {{Social Impacts of Computing: Codes of Professional Ethics}},
  author = {Ronald E. Anderson},
  doi = "10.1177/089443939201000402",
  journal = "Social Science Computer Review December",
  year = 1992,
  volume = 10,
  number = 4,
  pages = "453-469"
}


@inproceedings{whitehill2009whose,
  title={Whose vote should count more: Optimal integration of labels from labelers of unknown expertise},
  author={Whitehill, Jacob and Wu, Ting-fan and Bergsma, Jacob and Movellan, Javier R and Ruvolo, Paul L},
  booktitle={Advances in neural information processing systems},
  pages={2035--2043},
  year={2009}
}

@inproceedings{rivers2014automating,
  title={Automating Hint Generation with Solution Space Path Construction},
  author={Rivers, Kelly and Koedinger, Kenneth R},
  booktitle={Intelligent Tutoring Systems},
  pages={329--339},
  year={2014},
  organization={Springer}
}

@inproceedings{stamper2008hint,
  title={The hint factory: Automatic generation of contextualized help for existing computer aided instruction},
  author={Stamper, John and Barnes, Tiffany and Lehmann, Lorrie and Croy, Marvin},
  booktitle={Proceedings of the 9th International Conference on Intelligent Tutoring Systems Young Researchers Track},
  pages={71--78},
  year={2008}
}

@inproceedings{barnes2008toward,
  title={Toward automatic hint generation for logic proof tutoring using historical student data},
  author={Barnes, Tiffany and Stamper, John},
  booktitle={Intelligent Tutoring Systems},
  pages={373--382},
  year={2008},
  organization={Springer}
}

@inproceedings{barnes2008pilot,
  title={A pilot study on logic proof tutoring using hints generated from historical student data.},
  author={Barnes, Tiffany and Stamper, John C and Lehmann, Lorrie and Croy, Marvin J},
  booktitle={EDM},
  pages={197--201},
  year={2008}
}

@incollection{watson2012bluefix,
  title={Bluefix: Using crowd-sourced feedback to support programming students in error diagnosis and repair},
  author={Watson, Christopher and Li, Frederick WB and Godwin, Jamie L},
  booktitle={Advances in Web-Based Learning-ICWL 2012},
  pages={228--239},
  year={2012},
  publisher={Springer}
}

@incollection{corbett2001cognitive,
  title={Cognitive computer tutors: Solving the two-sigma problem},
  author={Corbett, Albert},
  booktitle={User Modeling 2001},
  pages={137--147},
  year={2001},
  publisher={Springer}
}

@inproceedings{piech2012modeling,
  title={Modeling how students learn to program},
  author={Piech, Chris and Sahami, Mehran and Koller, Daphne and Cooper, Steve and Blikstein, Paulo},
  booktitle={Proceedings of the 43rd ACM technical symposium on Computer Science Education},
  pages={153--160},
  year={2012},
  organization={ACM}
}

@inproceedings{fast2013crowd,
  title={Crowd-scale interactive formal reasoning and analytics},
  author={Fast, Ethan and Lee, Colleen and Aiken, Alex and Bernstein, Michael S and Koller, Daphne and Smith, Eric},
  booktitle={Proceedings of the 26th annual ACM symposium on User interface software and technology},
  pages={363--372},
  year={2013},
  organization={ACM}
}

@inproceedings{suppes1984next,
  title={The next generation of interactive theorem provers},
  author={Suppes, Patrick},
  booktitle={7th International Conference on Automated Deduction},
  pages={303--315},
  year={1984},
  organization={Springer}
}

@article{cheang2003automated,
  title={On automated grading of programming assignments in an academic institution},
  author={Cheang, Brenda and Kurnia, Andy and Lim, Andrew and Oon, Wee-Chong},
  journal={Computers \& Education},
  volume={41},
  number={2},
  pages={121--131},
  year={2003},
  publisher={Elsevier}
}

@inproceedings{,
  title={A pilot study of using crowds in the classroom},
  author={Dow, Steven and Gerber, Elizabeth and Wong, Audris},
  booktitle={Proceedings of the SIGCHI Conference on Human Factors in Computing Systems},
  pages={227--236},
  year={2013},
  organization={ACM}
}

@inproceedings{singh2013automated,
  title={Automated feedback generation for introductory programming assignments},
  author={Singh, Rishabh and Gulwani, Sumit and Solar-Lezama, Armando},
  booktitle={ACM SIGPLAN Notices},
  volume={48},
  number={6},
  pages={15--26},
  year={2013},
  organization={ACM}
}

@inproceedings{rivers2012canonicalizing,
  title={A canonicalizing model for building programming tutors},
  author={Rivers, Kelly and Koedinger, Kenneth R},
  booktitle={Intelligent Tutoring Systems},
  pages={591--593},
  year={2012},
  organization={Springer}
}

@article{koedinger1997intelligent,
  title={Intelligent tutoring goes to school in the big city},
  author={Koedinger, Kenneth R and Anderson, John R and Hadley, William H and Mark, Mary A and others},
  journal={International Journal of Artificial Intelligence in Education (IJAIED)},
  volume={8},
  pages={30--43},
  year={1997}
}

@article{aleven2002effective,
  title={An effective metacognitive strategy: Learning by doing and explaining with a computer-based Cognitive Tutor},
  author={Aleven, Vincent AWMM and Koedinger, Kenneth R},
  journal={Cognitive science},
  volume={26},
  number={2},
  pages={147--179},
  year={2002},
  publisher={Elsevier}
}

@article{ritter2007cognitive,
  title={Cognitive Tutor: Applied research in mathematics education},
  author={Ritter, Steven and Anderson, John R and Koedinger, Kenneth R and Corbett, Albert},
  journal={Psychonomic bulletin \& review},
  volume={14},
  number={2},
  pages={249--255},
  year={2007},
  publisher={Springer}
}

@article{fleiss1981measurement,
  title={The measurement of interrater agreement},
  author={Fleiss, Joseph L and Levin, Bruce and Paik, Myunghee Cho},
  journal={Statistical methods for rates and proportions},
  volume={2},
  pages={212--236},
  year={1981},
  publisher={John Wiley and Sons New York}
}

@inproceedings{weld2012personalized,
  title={Personalized online education—a crowdsourcing challenge},
  author={Weld, Daniel S and Adar, Eytan and Chilton, Lydia and Hoffmann, Raphael and Horvitz, Eric and Koch, Mitchell and Landay, James and Lin, Christopher H and Mausam, Mausam},
  booktitle={Workshops at the Twenty-Sixth AAAI Conference on Artificial Intelligence},
  year={2012}
}

@book{puterman2009markov,
  title={Markov decision processes: discrete stochastic dynamic programming},
  author={Puterman, Martin L},
  volume={414},
  year={2009},
  publisher={John Wiley \& Sons}
}

@article{szczerba2000robust,
  title={Robust algorithm for real-time route planning},
  author={Szczerba, Robert J and Galkowski, Peggy and Glicktein, IS and Ternullo, Noah},
  journal={Aerospace and Electronic Systems, IEEE Transactions on},
  volume={36},
  number={3},
  pages={869--878},
  year={2000},
  publisher={IEEE}
}

@article{roll2014benefits,
  title={On the Benefits of Seeking (and Avoiding) Help in Online Problem-Solving Environments},
  author={Roll, Ido and Baker, Ryan SJd and Aleven, Vincent and Koedinger, Kenneth R},
  journal={Journal of the Learning Sciences},
  number={just-accepted},
  year={2014},
  publisher={Taylor \& Francis}
}

@inproceedings{pears2007survey,
  title={A survey of literature on the teaching of introductory programming},
  author={Pears, Arnold and Seidman, Stephen and Malmi, Lauri and Mannila, Linda and Adams, Elizabeth and Bennedsen, Jens and Devlin, Marie and Paterson, James},
  booktitle={ACM SIGCSE Bulletin},
  volume={39},
  number={4},
  pages={204--223},
  year={2007},
  organization={ACM}
}

@article{pappano2012year,
  title={The Year of the MOOC},
  author={Pappano, Laura},
  journal={The New York Times},
  volume={2},
  number={12},
  pages={2012},
  year={2012}
}

@inproceedings{nguyen2014codewebs,
  title={Codewebs: scalable homework search for massive open online programming courses},
  author={Nguyen, Andy and Piech, Christopher and Huang, Jonathan and Guibas, Leonidas},
  booktitle={Proceedings of the 23rd international conference on World wide web},
  pages={491--502},
  year={2014},
  organization={International World Wide Web Conferences Steering Committee}
}

@online{KAprivacy,
  title={Khan Academy Privacy Notice https://www.khanacademy.org/about/privacy-policy},
  year={2015}
}

@inproceedings{piech2015autonomously,
 author = {Piech, Chris and Sahami, Mehran and Huang, Jonathan and Guibas, Leonidas},
 title = {Autonomously Generating Hints by Inferring Problem Solving Policies},
 booktitle = {Proceedings of the Second (2015) ACM Conference on Learning @ Scale},
 series = {L@S '15},
 year = {2015},
 isbn = {978-1-4503-3411-2},
 location = {Vancouver, BC, Canada},
 pages = {195--204},
 numpages = {10},
 url = {http://doi.acm.org/10.1145/2724660.2724668},
 doi = {10.1145/2724660.2724668},
 acmid = {2724668},
 publisher = {ACM},
 address = {New York, NY, USA},
 keywords = {educational datamining., hint generation, problem solving policy},
} 

@ARTICLE{piech2015deep,
   author = {{Piech}, Chris and {Spencer}, Johnathan and {Huang}, Jonathan. and {Ganguli}, Surya and 
  {Sahami}, Mehran and {Guibas}, Leonidas and {Sohl-Dickstein}, Jascha},
    title = "{Deep Knowledge Tracing}",
  journal = {ArXiv e-prints},
archivePrefix = "arXiv",
   eprint = {1506.05908},
 primaryClass = "cs.AI",
 keywords = {Computer Science - Artificial Intelligence, Computer Science - Computers and Society, Computer Science - Learning, K.3.1},
     year = 2015,
    month = jun,
   adsurl = {http://adsabs.harvard.edu/abs/2015arXiv150605908P},
  adsnote = {Provided by the SAO/NASA Astrophysics Data System}
}


@article{piechICML15,
  author    = {Chris Piech and
               Jonathan Huang and
               Andy Nguyen and
               Mike Phulsuksombati and
               Mehran Sahami and
               Leonidas J. Guibas},
  title     = {Learning Program Embeddings to Propagate Feedback on Student Code},
  journal   = {CoRR},
  volume    = {abs/1505.05969},
  year      = {2015},
  url       = {http://arxiv.org/abs/1505.05969}
}

@article{cohen2008identity,
  title={Identity, Belonging, and Achievement A Model, Interventions, Implications},
  author={Cohen, Geoffrey L and Garcia, Julio},
  journal={Current Directions in Psychological Science},
  volume={17},
  number={6},
  pages={365--369},
  year={2008},
  publisher={SAGE Publications}
 
}

@article{bowen2012cost,
  title={The “cost disease” in higher education: Is technology the answer},
  author={Bowen, William G},
  year={2012}
}

@article{mnih2015human,
  title={Human-level control through deep reinforcement learning},
  author={Mnih, Volodymyr and Kavukcuoglu, Koray and Silver, David and Rusu, Andrei A and Veness, Joel and Bellemare, Marc G and Graves, Alex and Riedmiller, Martin and Fidjeland, Andreas K and Ostrovski, Georg and others},
  journal={Nature},
  volume={518},
  number={7540},
  pages={529--533},
  year={2015},
  publisher={Nature Publishing Group}
}

@inproceedings{yudelson2013individualized,
author = {Yudelson, Michael V and Koedinger, Kenneth R and Gordon, Geoffrey J},
booktitle = {Artificial Intelligence in Education},
organization = {Springer},
pages = {171--180},
title = {{Individualized bayesian knowledge tracing models}},
year = {2013}
}

@article{pavlik2009performance,
author = {{Pavlik Jr}, Philip I and Cen, Hao and Koedinger, Kenneth R},
journal = {Online Submission},
publisher = {ERIC},
title = {{Performance Factors Analysis--A New Alternative to Knowledge Tracing.}},
year = {2009}
}

@inproceedings{lan2014time,
author = {Lan, Andrew S and Studer, Christoph and Baraniuk, Richard G},
booktitle = {Proceedings of the 20th ACM SIGKDD international conference on Knowledge discovery and data mining},
organization = {ACM},
pages = {452--461},
title = {{Time-varying learning and content analytics via sparse factor analysis}},
year = {2014}
}

@article{rohrer2009effects,
author = {Rohrer, Doug},
journal = {Journal for Research in Mathematics Education},
pages = {4--17},
publisher = {JSTOR},
title = {{The effects of spacing and mixing practice problems}},
year = {2009}
}

@book{polson2013foundations,
author = {Polson, Martha C and Richardson, J Jeffrey},
publisher = {Psychology Press},
title = {{Foundations of intelligent tutoring systems}},
year = {2013}
}

@inproceedings{rafferty2011faster,
author = {Rafferty, Anna N and Brunskill, Emma and Griffiths, Thomas L and Shafto, Patrick},
booktitle = {Artificial intelligence in education},
organization = {Springer},
pages = {280--287},
title = {{Faster teaching by POMDP planning}},
year = {2011}
}

@article{khajah2014incorporating,
author = {Khajah, M and Wing, Rowan M and Lindsey, Robert V and Mozer, Michael C},
journal = {Proceedings of the 7th International Conference on Educational Data Mining},
title = {{Incorporating latent factors into knowledge tracing to predict individual differences in learning}},
year = {2014}
}

@article{khajah2014integrating,
author = {Khajah, Mohammad M and Huang, Yun and Gonz\'{a}lez-Brenes, Jos\'{e} P and Mozer, Michael C and Brusilovsky, Peter},
journal = {Proceedings of the 4th International Workshop on Personalization Approaches in Learning Environments},
title = {{Integrating knowledge tracing and item response theory: A tale of two frameworks}},
year = {2014}
}

@incollection{d2011ensembling,
author = {d Baker, Ryan S J and Pardos, Zachary A and Gowda, Sujith M and Nooraei, Bahador B and Heffernan, Neil T},
booktitle = {User Modeling, Adaption and Personalization},
pages = {13--24},
publisher = {Springer},
title = {{Ensembling predictions of student knowledge within intelligent tutoring systems}},
year = {2011}
}

@inproceedings{gong2010comparing,
author = {Gong, Yue and Beck, Joseph E and Heffernan, Neil T},
booktitle = {Intelligent Tutoring Systems},
organization = {Springer},
pages = {35--44},
title = {{Comparing knowledge tracing and performance factor analysis by using multiple model fitting procedures}},
year = {2010}
}

@inproceedings{cen2006learning,
author = {Cen, Hao and Koedinger, Kenneth and Junker, Brian},
booktitle = {Intelligent tutoring systems},
organization = {Springer},
pages = {164--175},
title = {{Learning factors analysis--a general method for cognitive model evaluation and improvement}},
year = {2006}
}

@book{schraagen2000cognitive,
author = {Schraagen, Jan Maarten and Chipman, Susan F and Shalin, Valerie L},
publisher = {Psychology Press},
title = {{Cognitive task analysis}},
year = {2000}
}

@inproceedings{d2008more,
author = {d Baker, Ryan S J and Corbett, Albert T and Aleven, Vincent},
booktitle = {Intelligent Tutoring Systems},
organization = {Springer},
pages = {406--415},
title = {{More accurate student modeling through contextual estimation of slip and guess probabilities in bayesian knowledge tracing}},
year = {2008}
}

@article{hochreiter1997long,
  title={Long short-term memory},
  author={Hochreiter, Sepp and Schmidhuber, J{\"u}rgen},
  journal={Neural computation},
  volume={9},
  number={8},
  year={1997},
  publisher={MIT Press}
}

@article{corbett1994knowledge,
  title={Knowledge tracing: Modeling the acquisition of procedural knowledge},
  author={Corbett, Albert T and Anderson, John R},
  journal={User modeling and user-adapted interaction},
  volume={4},
  number={4},
  pages={253--278},
  year={1994},
  publisher={Springer}
}



@article{zhu2015machine,
  title={Machine Teaching: An Inverse Problem to Machine Learning and an Approach Toward Optimal Education},
  author={Zhu, Xiaojin},
  year={2015}
}

@incollection{pardos2011kt,
  title={KT-IDEM: Introducing item difficulty to the knowledge tracing model},
  author={Pardos, Zachary A and Heffernan, Neil T},
  booktitle={User Modeling, Adaption and Personalization},
  pages={243--254},
  year={2011},
  publisher={Springer}
}

@article{siegelmann1995computational,
  title={On the computational power of neural nets},
  author={Siegelmann, Hava T and Sontag, Eduardo D},
  journal={Journal of computer and system sciences},
  volume={50},
  number={1},
  pages={132--150},
  year={1995},
  publisher={Elsevier}
}

@article{srivastava2014dropout,
  title={Dropout: A simple way to prevent neural networks from overfitting},
  author={Srivastava, Nitish and Hinton, Geoffrey and Krizhevsky, Alex and Sutskever, Ilya and Salakhutdinov, Ruslan},
  journal={The Journal of Machine Learning Research},
  volume={15},
  number={1},
  pages={1929--1958},
  year={2014},
  publisher={JMLR. org}
}

@article{mcculloch1943logical,
  title={A logical calculus of the ideas immanent in nervous activity},
  author={McCulloch, Warren S and Pitts, Walter},
  journal={The bulletin of mathematical biophysics},
  volume={5},
  number={4},
  pages={115--133},
  year={1943},
  publisher={Springer}
}

@inproceedings{desmarais2012item,
  title={Item to skills mapping: deriving a conjunctive q-matrix from data},
  author={Desmarais, Michel C and Beheshti, Behzad and Naceur, Rhouma},
  booktitle={Intelligent tutoring systems},
  pages={454--463},
  year={2012},
  organization={Springer}
}

@article{feng2009addressing,
  title={Addressing the assessment challenge with an online system that tutors as it assesses},
  author={Feng, Mingyu and Heffernan, Neil and Koedinger, Kenneth},
  journal={User Modeling and User-Adapted Interaction},
  volume={19},
  number={3},
  pages={243--266},
  year={2009},
  publisher={Springer}
}

@article{gentner1983structure,
  title={Structure-Mapping: A Theoretical Framework for Analogy},
  author={Gentner, Dedre},
  journal={Cognitive science},
  volume={7},
  number={2},
  year={1983},
  publisher={Wiley Online Library}
}

@article{fitch2005evolution,
  title={The evolution of the language faculty: clarifications and implications},
  author={Fitch, W Tecumseh and Hauser, Marc D and Chomsky, Noam},
  journal={Cognition},
  volume={97},
  number={2},
  pages={179--210},
  year={2005},
  publisher={Elsevier}
}

@article{graves2014neural,
  title={Neural Turing Machines},
  author={Graves, Alex and Wayne, Greg and Danihelka, Ivo},
  journal={arXiv preprint arXiv:1410.5401},
  year={2014}
}

@article{gers2000learning,
  title={Learning to forget: Continual prediction with LSTM},
  author={Gers, Felix A and Schmidhuber, J{\"u}rgen and Cummins, Fred},
  journal={Neural computation},
  volume={12},
  number={10},
  pages={2451--2471},
  year={2000},
  publisher={MIT Press}
}

@inproceedings{graves2013speech,
  title={Speech recognition with deep recurrent neural networks},
  author={Graves, Alex and Mohamed, A-R and Hinton, Geoffrey},
  booktitle={Acoustics, Speech and Signal Processing (ICASSP), 2013 IEEE International Conference on},
  pages={6645--6649},
  year={2013},
  organization={IEEE}
}

@article{zaremba2014learning,
  title={Learning to execute},
  author={Zaremba, Wojciech and Sutskever, Ilya},
  journal={arXiv preprint arXiv:1410.4615},
  year={2014}
}

@article{karpathy2014deep,
  title={Deep visual-semantic alignments for generating image descriptions},
  author={Karpathy, Andrej and Fei-Fei, Li},
  journal={arXiv preprint arXiv:1412.2306},
  year={2014}
}

@article{williams1989learning,
  title={A learning algorithm for continually running fully recurrent neural networks},
  author={Williams, Ronald J and Zipser, David},
  journal={Neural computation},
  volume={1},
  number={2},
  pages={270--280},
  year={1989},
  publisher={MIT Press}
}

@inproceedings{mikolov2010recurrent,
  title={Recurrent neural network based language model.},
  author={Mikolov, Tomas and Karafi{\'a}t, Martin and Burget, Lukas and Cernock{\`y}, Jan and Khudanpur, Sanjeev},
  booktitle={INTERSPEECH 2010, 11th Annual Conference of the International Speech Communication Association, Makuhari, Chiba, Japan, 2010},
  pages={1045--1048},
  year={2010}
}

@inproceedings{desmarais2013matrix,
  title={A matrix factorization method for mapping items to skills and for enhancing expert-based q-matrices},
  author={Desmarais, Michel C and Naceur, Rhouma},
  booktitle={Artificial Intelligence in Education},
  pages={441--450},
  year={2013},
  organization={Springer}
}

@article{drasgow1990item,
  title={Item response theory},
  author={Drasgow, Fritz and Hulin, Charles L},
  journal={Handbook of industrial and organizational psychology},
  volume={1},
  pages={577--636},
  year={1990},
  publisher={Consulting Psychologists Press Palo Alto, CA}
}

@incollection{pardos2010modeling,
  title={Modeling individualization in a bayesian networks implementation of knowledge tracing},
  author={Pardos, Zachary A and Heffernan, Neil T},
  booktitle={User Modeling, Adaptation, and Personalization},
  pages={255--266},
  year={2010},
  publisher={Springer}
}



@article{linnenbrink2004role,
  title={Role of affect in cognitive processing in academic contexts},
  author={Linnenbrink, Elizabeth A and Pintrich, Paul R},
  journal={Motivation, emotion, and cognition: Integrative perspectives on intellectual functioning and development},
  pages={57--87},
  year={2004},
  publisher={Lawrence Erlbaum Associates Mahwah, NJ}
}


@book{baker2004item,
  title={Item response theory: Parameter estimation techniques},
  author={Baker, Frank B and Kim, Seock-Ho},
  year={2004},
  publisher={CRC Press}
}



@book{elliot2013handbook,
  title={Handbook of competence and motivation},
  author={Elliot, Andrew J and Dweck, Carol S},
  year={2013},
  publisher={Guilford Publications}
}


@article{bergstra2012random,
  title={Random search for hyper-parameter optimization},
  author={Bergstra, James and Bengio, Yoshua},
  journal={The Journal of Machine Learning Research},
  volume={13},
  number={1},
  pages={281--305},
  year={2012},
  publisher={JMLR. org}
}



@inproceedings{huangetal13,
author = {Jonathan Huang and Chris Piech and Andy Nguyen and Leonidas J. Guibas},
title = {Syntactic and Functional Variability of a Million Code Submissions in a Machine Learning MOOC},
booktitle = {The 16th International Conference on Artificial Intelligence in Education (AIED 2013) 
Workshop on Massive Open Online Courses (MOOCshop)},
year = {2013},
}



@article{duchi2011adaptive,
  title={Adaptive subgradient methods for online learning and stochastic optimization},
  author={Duchi, John and Hazan, Elad and Singer, Yoram},
  journal={The Journal of Machine Learning Research},
  volume={12},
  pages={2121--2159},
  year={2011},
  publisher={JMLR. org}
}

@inproceedings{goller1996learning,
  title={Learning task-dependent distributed representations by backpropagation through structure},
  author={Goller, Christoph and Kuchler, Andreas},
  booktitle={Neural Networks, 1996., IEEE International Conference on},
  volume={1},
  pages={347--352},
  year={1996},
  organization={IEEE}
}

@article{bowman2013can,
  title={Can recursive neural tensor networks learn logical reasoning?},
  author={Bowman, Samuel R},
  journal={arXiv preprint arXiv:1312.6192},
  year={2013}
}

@inproceedings{socher2013recursive,
  title={Recursive deep models for semantic compositionality over a sentiment treebank},
  author={Socher, Richard and Perelygin, Alex and Wu, Jean Y and Chuang, Jason and Manning, Christopher D and Ng, Andrew Y and Potts, Christopher},
  booktitle={Proceedings of the Conference on Empirical Methods in Natural Language Processing (EMNLP)},
  pages={1631--1642},
  year={2013},
  organization={Citeseer}
}

@inproceedings{song2009hilbert,
  title={Hilbert space embeddings of conditional distributions with applications to dynamical systems},
  author={Song, Le and Huang, Jonathan and Smola, Alex and Fukumizu, Kenji},
  booktitle={Proceedings of the 26th Annual International Conference on Machine Learning},
  pages={961--968},
  year={2009},
  organization={ACM}
}

@article{song2013kernel,
  title={Kernel embeddings of conditional distributions: A unified kernel framework for nonparametric inference in graphical models},
  author={Song, Le and Fukumizu, Kenji and Gretton, Arthur},
  journal={Signal Processing Magazine, IEEE},
  volume={30},
  number={4},
  pages={98--111},
  year={2013},
  publisher={IEEE}
}



@article{zaremba2014learning,
  title={Learning to Execute},
  author={Zaremba, Wojciech and Sutskever, Ilya},
  journal={arXiv preprint arXiv:1410.4615},
  year={2014}
}

@inproceedings{zaremba2014learningb,
  title={Learning to Discover Efficient Mathematical Identities},
  author={Zaremba, Wojciech and Kurach, Karol and Fergus, Rob},
  booktitle={Advances in Neural Information Processing Systems},
  pages={1278--1286},
  year={2014}
}

@article{lan2015mathematical,
  title={Mathematical Language Processing: Automatic Grading and Feedback for Open Response Mathematical Questions},
  author={Lan, Andrew S and Vats, Divyanshu and Waters, Andrew E and Baraniuk, Richard G},
  journal={arXiv preprint arXiv:1501.04346},
  year={2015}
}

@article{weston2014memory,
  title={Memory Networks},
  author={Weston, Jason and Chopra, Sumit and Bordes, Antoine},
  journal={arXiv preprint arXiv:1410.3916},
  year={2014}
}

@inproceedings{mokbel2013domain,
  title={Domain-independent proximity measures in intelligent tutoring systems},
  author={Mokbel, Bassam and Gross, Sebastian and Paassen, Benjamin and Pinkwart, Niels and Hammer, Barbara},
  booktitle={Proceedings of the 6th International Conference on Educational Data Mining (EDM)},
  year={2013}
}

@article{basu2013powergrading,
  title={Powergrading: a clustering approach to amplify human effort for short answer grading},
  author={Basu, Sumit and Jacobs, Chuck and Vanderwende, Lucy},
  journal={Transactions of the Association for Computational Linguistics},
  volume={1},
  pages={391--402},
  year={2013}
}



@inproceedings{socher2011semi,
  title={Semi-supervised recursive autoencoders for predicting sentiment distributions},
  author={Socher, Richard and Pennington, Jeffrey and Huang, Eric H and Ng, Andrew Y and Manning, Christopher D},
  booktitle={Proceedings of the Conference on Empirical Methods in Natural Language Processing},
  pages={151--161},
  year={2011},
  organization={Association for Computational Linguistics}
}

@inproceedings{brooks2014divide,
  title={Divide and correct: Using clusters to grade short answers at scale},
  author={Brooks, Michael and Basu, Sumit and Jacobs, Charles and Vanderwende, Lucy},
  booktitle={Proceedings of the first ACM conference on Learning@ scale conference},
  pages={89--98},
  year={2014},
  organization={ACM}
}

@phdthesis{rogers2014aces,
  title={ACES: Automatic evaluation of coding style},
  author={Rogers, Stephanie and Garcia, Dan and Canny, John F and Tang, Steven and Kang, Daniel},
  year={2014},
  school={Master’s thesis, EECS Department, University of California, Berkeley}
}

@article{mccabe1976complexity,
  title={A complexity measure},
  author={McCabe, Thomas J},
  journal={Software Engineering, IEEE Transactions on},
  number={4},
  pages={308--320},
  year={1976},
  publisher={IEEE}
}

@article{hoare1969axiomatic,
  title={An axiomatic basis for computer programming},
  author={Hoare, Charles Antony Richard},
  journal={Communications of the ACM},
  volume={12},
  number={10},
  pages={576--580},
  year={1969},
  publisher={ACM}
}

@inproceedings{mislevy99,
  title={Bayes nets in educational assessment: Where the numbers come from},
  author={Mislevy, Robert J and Almond, Russell G and Yan, Duanli and Steinberg, Linda S},
  booktitle={Proceedings of the fifteenth conference on uncertainty in artificial intelligence},
  pages={437--446},
  year={1999},
  organization={Morgan Kaufmann Publishers Inc.}
}

@article{nielsen11,
  title={A new ANEW: Evaluation of a word list for sentiment analysis in microblogs},
  author={Nielsen, Finn {\AA}rup},
  journal={arXiv preprint arXiv:1103.2903},
  year={2011}
}

@article{geman84,
  title={Stochastic relaxation, Gibbs distributions, and the Bayesian restoration of images},
  author={Geman, Stuart and Geman, Donald},
  journallong={Pattern Analysis and Machine Intelligence, IEEE Transactions on},
  journal = {IEEE PAMI},
  number={6},
  pages={721--741},
  year={1984},
  publisher={IEEE}
}

@inproceedings{ashley11,
  title={Toward AI-enhanced Computer-supported Peer Review in Legal Education},
  author={Ashley, Kevin and Goldin, Ilya},
  booktitle={24th International Conference on Legal Knowledge and Information Systems (JURIX)},
  year={2011},
  volume={235},
  publisheropt={IOS Press, Incorporated}
}

@article{russell04,
  title={Calibrated Peer Review - a Writing and Critical-Thinking Instructional Tool},
  author={Russell, Arlene A},
  journal={Teaching Tips: Innovations in Undergraduate Science Instruction},
  pages={54},
  year={2004},
  publisher={National Science Teachers Assn}
}

@BOOK{ baker01,
AUTHOR    = {Frank Baker}, 
TITLE     = {The basics of item response theory},
PUBLISHER = {ERIC Clearinghouse on Assessment and Evaluation, University of Maryland, College Park},
YEAR      = {2001},
}

@inproceedings{goldin12,
  author = {Ilya Goldin},
  title = {Accounting for Peer Reviewer Bias with Bayesian Models},
  booktitle = {Proceedings of the Workshop on Intelligent Support for Learning Groups at the 11th International Conference on Intelligent Tutoring Systems},
  year = {2012},
  location = {Chania, Greece},
}

@inproceedings{goldin11,
 author = {Goldin, Ilya M. and Ashley, Kevin D.},
 title = {Peering inside peer review with Bayesian models},
 booktitle = {Proceedings of the 15th international conference on Artificial intelligence in education},
 series = {AIED'11},
 year = {2011},
 location = {Auckland, New Zealand},
 pages = {90--97},
 numpages = {8},
 publisher = {Springer-Verlag},
 address = {Berlin, Heidelberg},
} 

@inproceedings{bachrach12,
author = {Yoram Bachrach and Tom Minka and John Guiver and Thore Graepel},
title = {{How To Grade a Test Without Knowing the Answers - A Bayesian Graphical Model for Adaptive Crowdsourcing and Aptitude Testing}},
booktitle = {The 29th Annual International Conference on Machine Learning},
series = {ICML '12},
year = {2012},
}

@inproceedings{kulkarni13,
author = {Chinmay Kulkarni and Koh Pang-Wei and Huy Le and Daniel Chia and Kathryn Papadopoulos and Daphne Koller and Scott R Klemmer},
title = {Scaling self and peer assessment to the global design classroom},
booktitle = {Proceedings of CHI'13 (to appear)},
year = {2013}
}

@inproceedings{charlin11,
author = {Laurent Charlin and Richard Zemel and Craig Boutilier},
title = {A Framework for optimizing paper matching},
booktitle = {Proceedings of Uncertainty in Artificial Intelligence (UAI'11)},
location = {Barcelona},
year = {2011}
}

@inproceedings{kamar12,
    author = {Ece Kamar and Severin Hacker and Eric Horvitz},
    title = {Combining human and machine intelligence in large-scale crowdsourcing},
    booktitle = {In AAMAS},
    year = {2012}
}

@incollection{whitehill09,
 title = {Whose Vote Should Count More: Optimal Integration of Labels from Labelers of Unknown Expertise},
 author = {Jacob Whitehill and Paul Ruvolo and Ting-fan Wu and Jacob Bergsma and Javier Movellan},
 booktitle = {Advances in Neural Information Processing Systems 22},
 editoropt = {Y. Bengio and D. Schuurmans and J. Lafferty and C. K. I. Williams and A. Culotta},
 pages = {2035--2043},
 year = {2009},
 publisher = {MIT Press}
}

@article{batchelder88,
title={Test theory without an answer key},
author={Batchelder, William H. and Romney, A. Kimball},
year={1988},
journal={Psychometrika},
volume={53},
issue={1},
publisher={Springer-Verlag},
pages={71-92},
}

@ARTICLE{karabatsos03,
title = {Markov chain estimation for test theory without an answer key},
author = {Karabatsos, George and Batchelder, William},
year = {2003},
journal = {Psychometrika},
volume = {68},
number = {3},
pages = {373-389},
}

@ARTICLE{johnson96,
    author = {Valen E. Johnson},
    title = {On Bayesian Analysis Of Multi-Rater Ordinal Data: An Application To Automated Essay Grading},
    journal = {Journal of the American Statistical Association},
    year = {1996},
    volume = {91},
    pages = {42--51}
}

@article{rogers10,
 author = {Rogers, Simon and Girolami, Mark and Polajnar, Tamara},
 title = {Semi-parametric analysis of multi-rater data},
 journal = {Statistics and Computing},
 volume = {20},
 number = {3},
 month = jul,
 year = {2010},
 pages = {317--334},
 publisher = {Kluwer Academic Publishers},
 address = {Hingham, MA, USA},
}
 
@inproceedings{dai10,
  title = {Decision-Theoretic Control of Crowd-Sourced Workflows},
  author = {Peng Dai and Mausam and Daniel S. Weld},
  year = {2010},
  booktitle = {Proceedings of the Twenty-Fourth AAAI Conference on Artificial Intelligence, AAAI 2010, Atlanta, Georgia, USA, July 11-15, 2010},
  editor = {Maria Fox and David Poole},
  publisher = {AAAI Press},
}

@inproceedings{little10,
 author = {Little, Greg and Chilton, Lydia B. and Goldman, Max and Miller, Robert C.},
 title = {TurKit: human computation algorithms on mechanical turk},
 booktitle = {Proceedings of the 23nd annual ACM symposium on User interface software and technology},
 series = {UIST '10},
 year = {2010},
 location = {New York, New York, USA},
 pages = {57--66},
 numpages = {10},
 publisher = {ACM},
 address = {New York, NY, USA},
} 

@inproceedings{sindhgatta06,
  title={Using an information retrieval system to retrieve source code samples},
  author={Sindhgatta, Renuka},
  booktitle={Proceedings of the 28th international conference on Software engineering},
  pages={905--908},
  year={2006},
  organization={ACM}
}

@inproceedings{hoffmann07,
  title={Assieme: finding and leveraging implicit references in a web search interface for programmers},
  author={Hoffmann, Raphael and Fogarty, James and Weld, Daniel S},
  booktitle={Proceedings of the 20th annual ACM symposium on User interface software and technology},
  pages={13--22},
  year={2007},
  organization={ACM}
}

@misc{pappano12,
    title = {The {Y}ear of the {MOOC}},
    author = {Laura Pappano},
    HOWPUBLISHED = {New York Times},
    year = {2012}
}

@inproceedings{fast13,
    title = {Crowd-scale interactive formal reasoning and analytics},
    author = {Ethan Fast and Colleen Lee and Alex Aiken and Michael Bernstein and Daphne Koller and Eric Smith},
    booktitle = {UIST: ACM Symposium on User Interface Software and Technology, },
    year = 2013,
}


@inproceedings{breslau99,
  title={Web caching and Zipf-like distributions: Evidence and implications},
  author={Breslau, Lee and Cao, Pei and Fan, Li and Phillips, Graham and Shenker, Scott},
  booktitle={INFOCOM'99. Eighteenth Annual Joint Conference of the IEEE Computer and Communications Societies. Proceedings. IEEE},
  volume={1},
  pages={126--134},
  year={1999},
  organization={IEEE}
}

@article{lu10,
  title={Zipf's law leads to heaps' law: Analyzing their relation in finite-size systems},
  author={L{\"u}, Linyuan and Zhang, Zi-Ke and Zhou, Tao},
  journal={PloS one},
  volume={5},
  number={12},
  pages={e14139},
  year={2010},
  publisher={Public Library of Science}
}

@article{zipf1949human,
  title={Human behavior and the principle of least effort.},
  author={Zipf, George Kingsley},
  year={1949},
  publisher={addison-wesley press}
}

@inproceedings{lazzarini09,
  title={Applying test-driven code search to the reuse of auxiliary functionality},
  author={Lazzarini Lemos, Ot{\'a}vio Augusto and Bajracharya, Sushil and Ossher, Joel and Masiero, Paulo Cesar and Lopes, Cristina},
  booktitle={Proceedings of the 2009 ACM symposium on Applied Computing},
  pages={476--482},
  year={2009},
  organization={ACM}
}

@inproceedings{schleimer03,
  title={Winnowing: local algorithms for document fingerprinting},
  author={Schleimer, Saul and Wilkerson, Daniel S and Aiken, Alex},
  booktitle={Proceedings of the 2003 ACM SIGMOD international conference on Management of data},
  pages={76--85},
  year={2003},
  organization={ACM}
}

@inproceedings{piech13,
author = {Chris Piech and Jonathan Huang and Zhenghao Chen and Chuong Do and Andrew Ng and Daphne Koller},
title = {Tuned Models of Peer Assessment in {MOOC}s},
booktitle = {Proceedings of The 6th International Conference on Educational Data Mining (EDM 2013)},
year = {2013}
}

@inproceedings{baxter98,
  title={Clone detection using abstract syntax trees},
  author={Baxter, Ira D and Yahin, Andrew and Moura, Leonardo and Sant'Anna, Marcelo and Bier, Lorraine},
  booktitle={Software Maintenance, 1998. Proceedings. International Conference on},
  pages={368--377},
  year={1998},
  organization={IEEE}
}

@inproceedings{kohlhase06,
  title={A search engine for mathematical formulae},
  author={Kohlhase, Michael and Sucan, Ioan},
  booktitle={Artificial Intelligence and Symbolic Computation},
  pages={241--253},
  year={2006},
  organization={Springer}
}

@inproceedings{kim10,
  title={Towards an Intelligent Code Search Engine},
  author={Kim, Jinhan and Lee, Sanghoon and Hwang, Seung-won and Kim, Sunghun},
  booktitle={AAAI},
  year={2010}
}

@article{paul94,
  title={A framework for source code search using program patterns},
  author={Paul, Santanu and Prakash, Atul},
  journal={Software Engineering, IEEE Transactions on},
  volume={20},
  number={6},
  pages={463--475},
  year={1994},
  publisher={IEEE}
}

@article{hummel08,
  title={Code conjurer: Pulling reusable software out of thin air},
  author={Hummel, Oliver and Janjic, Werner and Atkinson, Colin},
  journal={Software, IEEE},
  volume={25},
  number={5},
  pages={45--52},
  year={2008},
  publisher={IEEE}
}

@inproceedings{thummalapenta07,
  title={Parseweb: a programmer assistant for reusing open source code on the web},
  author={Thummalapenta, Suresh and Xie, Tao},
  booktitle={Proceedings of the twenty-second IEEE/ACM international conference on Automated software engineering},
  pages={204--213},
  year={2007},
  organization={ACM}
}

@article{xu03,
  title={Transformation-based diagnosis of student programs for programming tutoring systems},
  author={Xu, Songwen and San Chee, Yam},
  journal={Software Engineering, IEEE Transactions on},
  volume={29},
  number={4},
  pages={360--384},
  year={2003},
  publisher={IEEE}
}

@article{zobel06,
  title={Inverted files for text search engines},
  author={Zobel, Justin and Moffat, Alistair},
  journal={ACM Computing Surveys (CSUR)},
  volume={38},
  number={2},
  pages={6},
  year={2006},
  publisher={ACM}
}

@article{shasha94,
  author    = {Dennis Shasha and
               Jason Tsong-Li Wang and
               Kaizhong Zhang and
               Frank Y. Shih},
  title     = {Exact and approximate algorithms for unordered tree matching},
  journal   = {IEEE Transactions on Systems, Man, and Cybernetics},
  volume    = {24},
  number    = {4},
  year      = {1994},
  pages     = {668-678},
}

@inproceedings{huang13,
title={Syntactic and Functional Variability of a Million Code Submissions in a Machine Learning MOOC},
author={Huang, Jonathan and Piech, Chris and Nguyen, Andy and Guibas, Leonidas},
booktitle={AIED 2013 Workshops Proceedings Volume},
pages={25},
year={2013}
}

@inproceedings{rivers13,
title={Automatic Generation of Programming Feedback: A Data-Driven Approach},
author={Rivers, Kelly and Koedinger, Kenneth R},
booktitle={The First Workshop on AI-supported Education for Computer Science (AIEDCS 2013)},
pages={50},
year={2013}
}

@inproceedings{rivers12,
  title={A canonicalizing model for building programming tutors},
  author={Rivers, Kelly and Koedinger, Kenneth R},
  booktitle={Intelligent Tutoring Systems},
  pages={591--593},
  year={2012},
  organization={Springer}
}

@inproceedings{gross12,
  title={Cluster based feedback provision strategies in intelligent tutoring systems},
  author={Gross, Sebastian and Zhu, Xibin and Hammer, Barbara and Pinkwart, Niels},
  booktitle={Intelligent Tutoring Systems},
  pages={699--700},
  year={2012},
  organization={Springer}
}

@book{bowen13,
  title={Higher Education in the Digital Age},
  author={Bowen, W.G.},
  isbn={9781400847204},
  series={Higher Education in the Digital Age},
  url={http://books.google.com/books?id=4oOTgUcTSuEC},
  year={2013},
  publisher={Princeton University Press}
}

@inproceedings{gross13,
title={Towards Providing Feedback to Students in Absence of Formalized Domain Models},
author={Gross, Sebastian and Mokbel, Bassam and Hammer, Barbara and Pinkwart, Niels},
booktitle={Artificial Intelligence in Education},
pages={644--648},
year={2013},
organization={Springer}
}

@inproceedings{glassman13,
title={Toward facilitating assistance to students attempting engineering design problems},
author={Glassman, Elena L and Gulley, Ned and Miller, Robert C},
booktitle={Proceedings of the ninth annual international ACM conference on International computing education research},
pages={41--46},
year={2013},
organization={ACM}
}

@inproceedings{singh13,
author = {Rishabh Singh and
Sumit Gulwani and
Armando Solar-Lezama},
title = {Automated feedback generation for introductory programming
assignments},
booktitle = {PLDI},
year = {2013},
pages = {15-26},
}

@phdthesis{tang11,
title={Caesar: a social code review tool for programming education},
author={Tang, Mason},
year={2011},
school={Massachusetts Institute of Technology}
}

@book{eaton97,
  title={Gnu octave},
  author={Eaton, John W and Bateman, David and Hauberg, S{\o}ren},
  year={1997},
  publisher={Free Software Foundation}
}

@article{yang91,
 author = {Yang, Wuu},
 title = {Identifying syntactic differences between two programs},
 journal = {Softw. Pract. Exper.},
 volume = {21},
 number = {7},
 year = {1991},
 pages = {739--755},
 publisher = {John Wiley \& Sons, Inc.},
 address = {New York, NY, USA},
} 

@inproceedings{gitchell99,
  title={Sim: a utility for detecting similarity in computer programs},
  author={Gitchell, David and Tran, Nicholas},
  booktitle={ACM SIGCSE Bulletin},
  volume={31},
  number={1},
  pages={266--270},
  year={1999},
  organization={ACM}
}

@inproceedings{hartmann10,
  title={What would other programmers do: suggesting solutions to error messages},
  author={Hartmann, Bj{\"o}rn and MacDougall, Daniel and Brandt, Joel and Klemmer, Scott R},
  booktitle={Proceedings of the 28th international conference on Human factors in computing systems},
  pages={1019--1028},
  year={2010},
  organization={ACM}
}

@article{mnih2013playing,
  title={Playing atari with deep reinforcement learning},
  author={Mnih, Volodymyr and Kavukcuoglu, Koray and Silver, David and Graves, Alex and Antonoglou, Ioannis and Wierstra, Daan and Riedmiller, Martin},
  journal={arXiv preprint arXiv:1312.5602},
  year={2013}
}



